@book{ABNT-15606-2-2015,
address={Brasília, DF, Brazil},
author={{ABNT NBR~15606-2}},
month={March},
publisher={Brazilian National Standards Organization (ABNT)},
registered={2016-01-30, Rio},
title={{Digital} Terrestrial {TV} --- {D}ata Coding and Transmission Specification for Digital Broadcasting --- {Part~2}: {Ginga-NCL} for Fixed and Mobile Receivers: {XML} Application Language for Application Coding},
url={http://www.abnt.org.br/imagens/Normalizacao_TV_Digital/ABNTNBR15606-2_2007Ing_2008.pdf},
year={2015},
}

@book{ABNT-15606-10-2018,
address={Brasília, DF, Brazil},
author={{ABNT NBR~15606-10}},
month={October},
publisher={Brazilian National Standards Organization (ABNT)},
registered={2018-10-25, Rio},
title={{Digital} Terrestrial {TV} --- {D}ata Coding and Transmission Specification for Digital Broadcasting --- {Part~10}: {Ginga-HTML5} - Ginga HTML5 profile specification},
url={},
year={2018},
}

@book{ABNT-15610-3-2016,
address={Brasília, DF, Brazil},
author={{ABNT NBR~15610-3}},
month={March},
publisher={Brazilian National Standards Organization (ABNT)},
registered={2016-02-17, Rio},
title={{Digital} Terrestrial {TV} --- Accessibility --- {Part~3}: Brazilian Sign Language (LIBRAS)},
url={},
year={2016},
}

@book{ABNT-15606-11-2018,
address={Brasília, DF, Brazil},
author={{ABNT NBR~15606-11}},
month={October},
publisher={Brazilian National Standards Organization (ABNT)},
registered={2018-10-25, Rio},
title={{Digital} Terrestrial {TV} --- {D}ata Coding and Transmission Specification for Digital Broadcasting --- {Part~11}: Ginga CC WebServices - Ginga Common Core WebServices specification},
url={},
year={2018},
}

@article{araujo_automatic_2012,
	title = {Automatic generation of {Brazilian} sign language windows for digital {TV} systems},
	volume = {19},
	issn = {0104-6500, 1678-4804},
	url = {http://link.springer.com/article/10.1007/s13173-012-0086-2},
	doi = {10.1007/s13173-012-0086-2},
	abstract = {Deaf people have serious difficulties accessing information. The support for sign language (their primary means of communication) is rarely addressed in information and communication technologies. Furthermore, there is a lack of works related to machine translation for sign language in real-time and open-domain scenarios, such as TV. To minimize these problems, in this paper, we propose an architecture for machine translation to Brazilian sign language (LIBRAS) and its integration, implementation and evaluation for digital TV systems, a real-time and open-domain scenario. The system, called LibrasTV, allows the LIBRAS windows to be generated and displayed automatically from a closed caption input stream in Brazilian Portuguese. LibrasTV also uses some strategies, such as low time consuming, text-to-gloss machine translation and LIBRAS dictionaries to minimize the computational resources needed to generate the LIBRAS windows in real-time. As a case study, we implemented a prototype of LibrasTV for the Brazilian digital TV system and performed some tests with Brazilian deaf users to evaluate it. Our preliminary evaluation indicated that the proposal is efficient, as long as its delays and bandwidth are low. In addition, as previously mentioned in the literature, avatar-based approaches are not the first choice for the majority of deaf users, who prefer human translation. However, when human interpreters are not available, our proposal is presented as a practical and feasible alternative to fill this gap.},
	language = {en},
	number = {2},
	urldate = {2016-04-16},
	journal = {Journal of the Brazilian Computer Society},
	author = {Araújo, Tiago Maritan Ugulino and Ferreira, Felipe Lacet Silva and Silva, Danilo Assis Nobre Santos and Lemos, Felipe Hermínio and Neto, Gutenberg Pessoa and Omaia, Derzu and Filho, Guido Lemos Souza and Tavares, Tatiana Aires},
	month = sep,
	year = {2012},
	note = {00003},
	pages = {107--125},
	file = {Automatic_generation_of_Brazilian_sign_language_windows_for_digital_TV_systems.pdf:/home/alan/gdrive/research_zotero/storage/U5ENCEA7/Automatic_generation_of_Brazilian_sign_language_windows_for_digital_TV_systems.pdf:application/pdf}
} 

@book{ETSI-101498-1-2006,
address={Nice, France},
author={{ETSI TS 101 498}},
month={January},
publisher={European Telecommunications Standards Institute},
registered={2016-02-11, Rio},
title={Digital Audio Broadcasting (DAB); Broadcast website; Part 1: User application specification; Version 2.1.1},
url={http://www.etsi.org/deliver/etsi_ts%5C101400_101499%5C10149801%5C02.01.01_60%5Cts_10149801v020101p.pdf},
year={2006},
}

@book{ETSI-101499-2015,
address={Nice, France},
author={{ETSI TS 101 499}},
month={January},
publisher={European Telecommunications Standards Institute},
registered={2016-02-03, Rio},
title={Hybrid Digital Radio (DAB, DRM, RadioDNS); SlideShow; User Application Specification; Version 3.1.1},
url={http://www.etsi.org/deliver/etsi_ts%5C101400_101499%5C101499%5C03.01.01_60%5Cts_101499v030101p.pdf},
year={2015},
}

@book{ETSI-101756-2015,
address={Nice, France},
author={{ETSI TS 101 756}},
month={December},
publisher={European Telecommunications Standards Institute},
registered={2016-02-11, Rio},
title={Digital Audio Broadcasting (DAB); Registered Tables; Version 1.8.1},
url={http://www.etsi.org/deliver/etsi_ts%5C101700_101799%5C101756%5C01.08.01_60%5Cts_101756v010801p.pdf},
year={2015},
}

@book{ETSI-101968-2009,
address={Nice, France},
author={{ETSI TS 101 968}},
month={April},
publisher={European Telecommunications Standards Institute},
registered={2016-01-30, Rio},
title={Digital Radio Mondiale (DRM); Data applications directory; Version 1.3.1},
url={http://www.etsi.org/deliver/etsi_ts%5C101900_101999%5C101968%5C01.03.01_60%5Cts_101968v010301p.pdf},
year={2009},
}

@book{ETSI-102979-2008,
address={Nice, France},
author={{ETSI TS 102 979}},
month={June},
publisher={European Telecommunications Standards Institute},
registered={2016-03-22, Brasilia},
title={Digital Audio Broadcasting (DAB); Journaline; User application specification; Version 1.1.1},
url={http://www.etsi.org/deliver/etsi_ts/102900_102999/102979/01.01.01_60/ts_102979v010101p.pdf},
year={2008},
}

@book{ETSI-103270-2015,
address={Nice, France},
author={{ETSI TS 103 270}},
month={September},
publisher={European Telecommunications Standards Institute},
registered={2016-02-16, Rio},
title={RadioDNS Hybrid Radio; Hybrid lookup for radio services; Version 1.2.1},
url={http://www.etsi.org/deliver/etsi_ts%5C103200_103299%5C103270%5C01.02.01_60%5Cts_103270v010201p.pdf},
year={2015},
}

@book{ETSI-201735-2000,
address={Nice, France},
author={{ETSI ES 201 735}},
month={September},
publisher={European Telecommunications Standards Institute},
registered={2016-04-21, Brasilia},
title={Digital Audio Broadcasting (DAB); Internet Protocol (IP) datagram tunnelling; Version 1.1.1},
url={http://www.etsi.org/deliver/etsi_es/201700_201799/201735/01.01.01_60/es_201735v010101p.pdf},
year={2000},
}

@book{ETSI-201980-2014,
address={Nice, France},
author={{ETSI ES 201 980}},
month={January},
publisher={European Telecommunications Standards Institute},
registered={2016-01-30, Rio},
title={Digital Radio Mondiale (DRM); System Specification; Version 4.1.1},
url={http://www.etsi.org/deliver/etsi_es%5C201900_201999%5C201980%5C04.01.01_60%5Ces_201980v040101p.pdf},
year={2014},
}

@book{ETSI-300401-2006,
address={Nice, France},
author={{ETSI EN 300 401}},
month={June},
publisher={European Telecommunications Standards Institute},
registered={2016-04-21, Brasilia},
title={Radio Broadcasting Systems; Digital Audio Broadcasting (DAB) to mobile, portable and fixed receivers; Version 1.4.1},
url={http://www.etsi.org/deliver/etsi_en/300400_300499/300401/01.04.01_60/en_300401v010401p.pdf},
year={2006},
}

@book{ETSI-301234-2006,
address={Nice, France},
author={{ETSI EN 301 234}},
month={May},
publisher={European Telecommunications Standards Institute},
registered={2016-01-30, Rio},
title={Digital Audio Broadcasting (DAB); Multimedia Object Transfer (MOT) protocol; Version 2.1.1},
url={http://www.etsi.org/deliver/etsi_en%5C301200_301299%5C301234%5C02.01.01_60%5Cen_301234v020101p.pdf},
year={2006},
}

@book{ISO-10646-2014,
address={Geneva, Switzerland},
author={{ISO/IEC 10646}},
month={June},
publisher={International Organization for Standardization},
registered={2016-02-11, Rio},
title={Information technology -- Universal Coded Character Set (UCS)},
url={http://www.iso.org/iso/home/store/catalogue_tc/catalogue_detail.htm?csnumber=63182},
year={2014},
}

@book{ISO-13818-6-1998,
address={Geneva, Switzerland},
author={{ISO/IEC 13818-6}},
month={June},
publisher={International Organization for Standardization},
registered={2016-02-11, Rio},
title={Information technology -- Generic coding of moving pictures and associated audio information -- Part 6: Extensions for DSM-CC},
url={http://www.iso.org/iso/home/store/catalogue_tc/catalogue_detail.htm?csnumber=25039},
year={1998},
}

@book{ISO-8859-1-1998,
address={Geneva, Switzerland},
author={{ISO/IEC 8859-1}},
month={April},
publisher={International Organization for Standardization},
registered={2016-02-11, Rio},
title={Information technology -- 8-bit single-byte coded graphic character sets -- Part 1: Latin alphabet No. 1},
url={http://www.iso.org/iso/home/store/catalogue_ics/catalogue_detail_ics.htm?csnumber=28245},
year={1998},
}

@book{ITU-2267-5-2015,
address={Geneva, Switzerland},
author={{ITU-R Report BT.2267-5}},
month={July},
publisher={International Telecommunication Union (ITU)},
registered={2016-01-30, Rio},
title={Integrated broadcast-broadband systems},
url={https://www.itu.int/dms_pub/itu-r/opb/rep/R-REP-BT.2267-5-2015-PDF-E.pdf},
year={2015},
}

@book{ITU-T-H761-2014,
address={Geneva, Switzerland},
author={{ITU-T Recommendation~H.761}},
month={November},
publisher={ITU Telecommunication Standardization Sector},
registered={2015-06-15, Rio},
title={{Nested} Context Language ({NCL}) and {Ginga-NCL}},
url={http://www.itu.int/rec/T-REC-H.761},
year={2014},
}

@article{Moreno-M-F-2015,
address={New York, NY, USA},
author={Marcio Ferreira Moreno and Romualdo Monteiro de Resende Costa and Luiz Fernando Gomes Soares},
doi={10.1109/MCOM.2010.5473867},
issn={1070-986X},
journal={IEEE MultiMedia Magazine},
month={November},
number={4},
pages={68--78},
publisher={IEEE},
registered={2016-02-11, Rio},
title={Interleaved Time Bases in Hypermedia Synchronization},
url={http://dx.doi.org/10.1109/MMUL.2015.74},
volume={22},
year={2015},
}

@book{morris_interactive_2005,
	address = {Amsterdam ; Boston},
	edition = {1 edition},
	title = {Interactive {TV} {Standards}: {A} {Guide} to {MHP}, {OCAP}, and {JavaTV}},
	isbn = {978-0-240-80666-2},
	shorttitle = {Interactive {TV} {Standards}},
	abstract = {For any digital TV developer or manager, the maze of standards and specifications related to MHP and OCAP is daunting-you have to patch together pieces from several standards to gather all the necessary knowledge you need to compete worldwide.  The standards themselves can be confusing, and contain many inconsistencies and missing pieces.  Interactive TV Standards provides a guide for actually deploying these technologies for a broadcaster or product and application developer. Understanding what the APIs do is essential for your job, but understanding how the APIs work and how they relate to each other at a deeper level helps you do it better, faster and easier.  Learn how to spot when something that looks like a good solution to a problem really isn't. Understand how the many standards that make up MHP fit together, and implement them effectively and quickly. Two DVB insiders teach you which elements of the standards that are needed for digital TV, highlight those elements that are not needed, and explain the special requirements that MHP places on implementations of these standards.Once you've mastered the basics, you will learn how to develop products for US, European, and Asian markets--saving time and money.  By detailing how a team can develop products for both the OCAP and MHP markets, Interactive TV Standards teaches you how to to leverage your experience with one of these standards into the skills and knowledge needed to work with the critical, related standards.Does the team developing a receiver have all the knowledge they need to succeed, or have they missed important information in an apparently unrelated standard?  Does an application developer really know how to write a reliable piece of software that runs on any MHP or OCAP receiver?  Does the broadcaster understand the business and technical issues well enough to deploy MHP successfully, or will their project fail?   Increase your chances of success the first time with Interactive TV Standards.},
	language = {English},
	publisher = {Focal Press},
	author = {Morris, Steven and Smith-Chaigneau, Anthony},
	month = apr,
	year = {2005},
	note = {00268}
} 

@inproceedings{Sant'Anna:2008:NOI:1666091.1666107,
 author = {Sant'Anna, Francisco and Cerqueira, Renato and Soares, Luiz Fernando
Gomes},
 title = {NCLua: Objetos Imperativos Lua Na Linguagem Declarativa NCL},
 booktitle = {Proceedings of the 14th Brazilian Symposium on Multimedia and the
Web},
 series = {WebMedia '08},
 year = {2008},
 isbn = {978-1-60558-170-5},
 location = {Vila Velha, Brazil},
 pages = {83--90},
 numpages = {8},
 url = {http://doi.acm.org/10.1145/1666091.1666107},
 doi = {10.1145/1666091.1666107},
 acmid = {1666107},
 publisher = {ACM},
 address = {New York, NY, USA},
 keywords = {NCL, declarative languages, digital TV, ginga, lua, middlewares,
multimedia systems},
}

@inproceedings{Soares:2009:RDH:1600193.1600243,
 author = {Soares, Luiz Fernando Gomes and Moreno, Marcelo Ferreira and
Sant'Anna, Francisco},
 title = {Relating Declarative Hypermedia Objects and Imperative Objects
Through the NCL Glue Language},
 booktitle = {Proceedings of the 9th ACM Symposium on Document Engineering},
 series = {DocEng '09},
 year = {2009},
 isbn = {978-1-60558-575-8},
 location = {Munich, Germany},
 pages = {222--230},
 numpages = {9},
 url = {http://doi.acm.org/10.1145/1600193.1600243},
 doi = {10.1145/1600193.1600243},
 acmid = {1600243},
 publisher = {ACM},
 address = {New York, NY, USA},
 keywords = {declarative and imperative code content, digital tv, glue
language, intermedia synchronization, middleware, ncl},
} 


@article{soares_gingancl_2010,
	title = {Ginga-{NCL}: {Declarative} {Middleware} for {Multimedia} {IPTV} {Services}},
	volume = {48},
	issn = {0163-6804},
	url = {http://dl.acm.org/citation.cfm?id=1824625.1824637 http://www.telemidia.puc-rio.br/sites/telemidia.puc-rio.br/files/2010_06_soares.pdf},
	doi = {10.1109/MCOM.2010.5473867},
	abstract = {This article presents the innovative features of Ginga-NCL, an open middleware specifica- tion for multimedia IPTV services. Ginga-NCL relies on the Nested Context Language, a domain-specific declarative language targeting multimedia application authoring. As a glue lan- guage, NCL relates media objects in time and space without restricting or imposing any media content type, including media objects with imper- ative and declarative code written using other languages. Other NCL features include support for multidevice presentations, content adapta- tions, presentation adaptations, and advanced code reuse. Ginga-NCL allows NCL applications to be modified on the fly by means of live edit- ing commands. Initially defined as the standard middleware for the Brazilian terrestrial DTV system, Ginga-NCL has recently become part of ISDB standards and an ITU-T Recommendation for IPTV services.},
	number = {June},
	journal = {IEEE Communications Magazine},
	author = {Soares, Luiz Fernando Gomes and Marcio Ferreira Marcelo and Neto, Carlos de Salles Soares and Moreno, Marcelo Ferreira},
	month = jun,
	year = {2010},
	pages = {74--81},
	file = {Ginga-NCL_-_Declarative_Middleware_for_Multimedia_IPTV_Services.pdf:/home/alan/gdrive/research_zotero/storage/VA4G4VT4/Ginga-NCL_-_Declarative_Middleware_for_Multimedia_IPTV_Services.pdf:application/pdf}
}

@book{Soares-L-F-G-2009,
address={Rio de Janeiro, RJ, Brazil},
author={Luiz Fernando Gomes Soares and Simone Diniz Junqueira Barbosa},
isbn={9788535234572},
numpages={456},
publisher={Campus-Elsevier},
registered={2014-11-13, Rio},
title={Programando em {NCL~3.0}},
url={http://www.ncl.org.br/programandoncl/},
year={2009},
}

@article{Soares-L-F-G-2010b,
address={New York, NY, USA},
author={Luiz Fernando Gomes Soares and Marcio Ferreira Moreno and Carlos de~Salles Soares Neto and Marcelo Ferreira Moreno},
doi={10.1109/MCOM.2010.5473867},
issn={0163-6804},
journal={IEEE Communications Magazine},
month={June},
number={6},
pages={74--81},
publisher={IEEE},
registered={2014-11-10, Rio},
title={{Ginga-NCL}: {Declarative} middleware for multimedia {IPTV} services},
url={http://dx.doi.org/10.1109/MCOM.2010.5473867},
volume={48},
year={2010},
}

@misc{soares_nested_2006,
	title = {Nested {Context} {Language} 3.0 {Part} 9 – {NCL} {Live} {Editing} {Commands}},
	shorttitle = {Nested {Context} {Language} 3.0},
	url = {ftp://ftp.inf.puc-rio.br/pub/docs/techreports/06_36_soares.pdf},
	urldate = {2016-03-03},
	journal = {Monographs in Computer Science PUC-Rio Inf MCC36/06},
	author = {Soares, Luiz Fernando Gomes and Rodrigues, Rogério Ferreira and Costa, Romualdo Rezende and Moreno, Marcio Ferreira},
	year = {2006},
	file = {Nested_Context_Language_3.0_Part_9_–_NCL_Live_Editing_Commands.pdf:/home/alan/gdrive/research_zotero/storage/RIE65VNK/Nested_Context_Language_3.0_Part_9_–_NCL_Live_Editing_Commands.pdf:application/pdf}
} 

@book{soares_programando_2009,
	title = {Programando em {NCL} 3.0: desenvolvimento de aplicações para middleware {Ginga}: {TV} digital e {Web}},
	isbn = {978-85-352-3457-2},
	shorttitle = {Programando em {NCL} 3.0},
	url = {http://www.ncl.org.br/pt-br/livrosecapitulosdelivros},
	abstract = {A linguagem NCL é o padrão de desenvolvimento para a Televisão Digital Interativa brasileira. O livro 'Programando em NCL' oferece uma visão da linguagem, desde a concepção de aplicações simples até as complexas, envolvendo adaptação de conteúdo, o uso de dispositivos de exibição em redes residenciais, e produção de conteúdo ao vivo, viabilizando as chamadas redes sociais. Este livro tem como foco programadores-visuais, desenvolvedores de animações, Web designers, e, certamente, programadores de software. Principais Características - Autores integram a equipe que desenvolveu a linguagem NCL, padrão para programação regulamentada pelo governo federal brasileiro; Aborda a linguagem de script Lua, utilizada na área de jogos e entretenimento; Inclui duas mídias, uma traz o ambiente para teste e desenvolvimento e a outra traz apêndices para leitura complementar.},
	language = {pt},
	publisher = {Elsevier},
	author = {Soares, LUIZ FERNANDO GOMES SOARES and BARBOSA, SIMONE DINIZ JUNQUEIRA},
	year = {2009},
}
